@article{angot2009asymptotic,
  title={Asymptotic and numerical modelling of flows in fractured porous media},
  author={Angot, Philippe and Boyer, Franck and Hubert, Florence},
  journal={ESAIM: Mathematical Modelling and Numerical Analysis},
  volume={43},
  number={2},
  pages={239--275},
  year={2009},
  publisher={EDP Sciences}
}


@article{berge2019finite,
  title={Finite volume discretization for poroelastic media with fractures modeled by contact mechanics},
  author={Berge, Runar L and Berre, Inga and Keilegavlen, Eirik and Nordbotten, Jan M and Wohlmuth, Barbara},
  journal={International Journal for Numerical Methods in Engineering},
  year={2019},
  publisher={Wiley Online Library}
}


@article{berre2019flow,
  title={Flow in fractured porous media: a review of conceptual models and discretization approaches},
  author={Berre, Inga and Doster, Florian and Keilegavlen, Eirik},
  journal={Transport in Porous Media},
  volume={130},
  number={1},
  pages={215--236},
  year={2019},
  publisher={Springer}
}


@article{biot1941general,
  title={General theory of three-dimensional consolidation},
  author={Biot, Maurice A},
  journal={Journal of Applied Physics},
  volume={12},
  number={2},
  pages={155--164},
  year={1941},
  publisher={American Institute of Physics}
}


@misc{bonaldi2022numerical,
      title={Numerical analysis of a mixed-dimensional poromechanical model with frictionless contact at matrix-fracture interfaces}, 
      author={Francesco Bonaldi and Jérôme Droniou and Roland Masson},
      year={2022},
      eprint={2201.09646},
      archivePrefix={arXiv},
      primaryClass={math.NA},
      url={https://arxiv.org/abs/2201.09646}
}


@article{boon2017functional,
  title={Functional analysis and exterior calculus on mixed-dimensional geometries},
  author={Boon, Wietse M and Nordbotten, Jan M and Vatne, Jon E},
  journal={Annali di Matematica},
  volume={200},
  number={757--789},
  year={2020}
}


@article{boon2019stable,
  title={Stable Mixed Finite Elements for Linear Elasticity with Thin Inclusions},
  author={Boon, Wietse M and Nordbotten, Jan M},
  journal={Computational Geosciences},
  volume={25},
  pages={603-620},
  year={2021}
}


@article{boon_poro,
    author = {Boon, Wietse and Nordbotten, J. M.},
    year = {2022},
    month = {12},
    pages = {1-48},
    title = {Mixed-dimensional poromechanical models of fractured porous media},
    volume = {234},
    journal = {Acta Mechanica},
    doi = {10.1007/s00707-022-03378-1}
}


@article{borregales2018robust,
  title={Robust iterative schemes for non-linear poromechanics},
  author={Borregales, Manuel and Radu, Florin A and Kumar, Kundan and Nordbotten, Jan M},
  journal={Computational Geosciences},
  volume={22},
  pages={1021--1038},
  year={2018},
  publisher={Springer}
}


@article{reveron2021iterative,
  title={Iterative solvers for Biot model under small and large deformations},
  author={Borregales Rever{\'o}n, Manuel Antonio and Kumar, Kundan and Nordbotten, Jan Martin and Radu, Florin Adrian},
  journal={Computational Geosciences},
  volume={25},
  pages={687--699},
  year={2021},
  publisher={Springer}
}




@article{both2017robust,
  title={Robust fixed stress splitting for {B}iot’s equations in heterogeneous media},
  author={Both, Jakub Wiktor and Borregales, Manuel and Nordbotten, Jan Martin and Kumar, Kundan and Radu, Florin Adrian},
  journal={Applied Mathematics Letters},
  volume={68},
  pages={101--108},
  year={2017},
  publisher={Elsevier}
}


@inproceedings{brezina2015analysis,
  title={Analysis of model error for a continuum-fracture model of porous media flow},
  author={B{\v{r}}ezina, Jan and Stebel, Jan},
  booktitle={High Performance Computing in Science and Engineering, Lecture Notes in Computer Science},
  pages={152--160},
  year={2016},
  organization={Springer}
}


@article{bukac2017dimensional,
  title={Dimensional model reduction for flow through fractures in poroelastic media},
  author={Buka{\v{c}}, Martina and Yotov, Ivan and Zunino, Paolo},
  journal={ESAIM: Mathematical Modelling and Numerical Analysis},
  volume={51},
  number={4},
  pages={1429--1471},
  year={2017},
  publisher={EDP Sciences}
}



@article{deresiewicz-skalak,
  title={On uniqueness in dynamic poroelasticity},
  author={Deresiewicz, H and Skalak, R},
  journal={Bulletin of the Seismological Society of America},
  volume={53},
  number={4},
  pages={783--788},
  year={1963},
  publisher={The Seismological Society of America}
}


@book{evans_pde,
  title={Partial differential equations},
  author={Evans, Lawrence C},
  volume={19},
  year={2010},
  publisher={American Mathematical Society}
}


@misc{flow123d,
	title = {Flow123d -- simulator of fractured porous media processes},
	url = {http://flow123d.github.io},
	urldate = {2021-06-30},
	author = {Březina, Jan and Stebel, Jan and Flanderka, David and Exner, Pavel},
	year = {2022},
}


@article{formaggia2014reduced,
  title={A reduced model for {D}arcy's problem in networks of fractures},
  author={Formaggia, Luca and Fumagalli, Alessio and Scotti, Anna and Ruffo, Paolo},
  journal={ESAIM: Mathematical Modelling and Numerical Analysis},
  volume={48},
  number={4},
  pages={1089--1116},
  year={2014},
  publisher={EDP Sciences}
}


@article{franceschini2020algebraically,
  title={Algebraically stabilized {L}agrange multiplier method for frictional contact mechanics with hydraulically active fractures},
  author={Franceschini, Andrea and Castelletto, Nicola and White, Joshua A and Tchelepi, Hamdi A},
  journal={Computer Methods in Applied Mechanics and Engineering},
  volume={368},
  pages={113161},
  year={2020},
  publisher={Elsevier}
}




@article{ganis2014modeling,
  title={Modeling fractures in a poro-elastic medium},
  author={Ganis, Benjamin and Girault, Vivette and Mear, Mark and Singh, Gurpreet and Wheeler, Mary},
  journal={Oil \& Gas Science and Technology--Revue d’IFP Energies nouvelles},
  volume={69},
  number={4},
  pages={515--528},
  year={2014},
  publisher={Technip}
}


@article{garipov2016discrete,
  title={Discrete fracture model for coupled flow and geomechanics},
  author={Garipov, TT and Karimi-Fard, M and Tchelepi, HA},
  journal={Computational Geosciences},
  volume={20},
  pages={149--160},
  year={2016},
  publisher={Springer}
}


@article{girault_lubrication,
    author = {Girault, Vivette and Wheeler, Mary and Ganis, Ben and Mear, Mark},
    year = {2014},
    month = {09},
    pages = {1-59},
    title = {A Lubrication Fracture Model in a Poro-Elastic Medium},
    journal = {Mathematical Models and Methods in Applied Sciences},
    doi = {10.1142/S0218202515500141}
}

@article{girault2019mixed,
  title={Mixed formulation of a linearized lubrication fracture model in a poro-elastic medium},
  author={Girault, Vivette and Wheeler, Mary F and Kumar, Kundan and Singh, Gurpreet},
  journal={Contributions to Partial Differential Equations and Applications},
  pages={171--219},
  year={2019},
  publisher={Springer}
}


@article{gurevich-schoenberg,
  title={Interface conditions for {B}iot’s equations of poroelasticity},
  author={Gurevich, Boris and Schoenberg, Michael},
  journal={The Journal of the Acoustical Society of America},
  volume={105},
  number={5},
  pages={2585--2589},
  year={1999},
  publisher={Acoustical Society of America}
}



@incollection{gurtin,
  title={The linear theory of elasticity},
  author={Gurtin, Morton E},
  booktitle={Handbuch der Physik},
  pages={1--296},
  year={1972},
  publisher={Springer}
}


@article{hanowski2018hydromechanical,
  title={The hydromechanical equilibrium state of poroelastic media with a static fracture: A dimension-reduced model with existence results in weighted {S}obolev spaces and simulations with an {XFEM} discretization},
  author={Hanowski, Katja K and Sander, Oliver},
  journal={Mathematical Models and Methods in Applied Sciences},
  volume={28},
  number={13},
  pages={2511--2556},
  year={2018},
  publisher={World Scientific}
}


@article{hokr2016real,
  title={Real-case benchmark for flow and tracer transport in the fractured rock},
  author={Hokr, Milan and Shao, H and Gardner, WP and Balv{\'\i}n, A and Kunz, H and Wang, Y and Vencl, Marek},
  journal={Environmental Earth Sciences},
  volume={75},
  pages={1--17},
  year={2016},
  publisher={Springer}
}



@article{martin_modeling_2005,
        title = {Modeling Fractures and Barriers as Interfaces for Flow in Porous Media},
        volume = {26},
        number = {5},
        urldate = {2012-04-18},
        journal = {{SIAM} Journal on Scientific Computing},
        author = {Martin, Vincent and Jaffr{\'e}, J{\'e}r{\^o}me and Roberts, Jean E.},
        year = {2005},
        pages = {1667}
}


@article{maryska2005numerical,
  title={Numerical simulation of fracture flow with a mixed-hybrid {FEM} stochastic discrete fracture network model},
  author={Mary{\v{s}}ka, Ji{\v{r}}{\'\i} and Sever{\'y}n, Otto and Vohral{\'\i}k, Martin},
  journal={Computational Geosciences},
  volume={8},
  number={3},
  pages={217--234},
  year={2005},
  publisher={Springer}
}


@article{mikelic2013convergence,
  title={Convergence of iterative coupling for coupled flow and geomechanics},
  author={Mikeli{\'c}, Andro and Wheeler, Mary F},
  journal={Computational Geosciences},
  volume={17},
  number={3},
  pages={455--461},
  year={2013},
  publisher={Springer}
}


@article{mikelic2019derivation,
  title={Derivation of a poroelastic elliptic membrane shell model},
  author={Mikeli{\'c}, Andro and Tamba{\v{c}}a, Josip},
  journal={Applicable Analysis},
  volume={98},
  number={1-2},
  pages={136--161},
  year={2019},
  publisher={Taylor \& Francis}
}


@article{nitsche1981korn,
  title={On Korn's second inequality},
  author={Nitsche, Joachim A},
  journal={RAIRO. Analyse num{\'e}rique},
  volume={15},
  number={3},
  pages={237--248},
  year={1981},
  publisher={EDP Sciences}
}


@article{pichot2012generalized,
  title={A generalized mixed hybrid mortar method for solving flow in stochastic discrete fracture networks},
  author={Pichot, G{\'e}raldine and Erhel, Jocelyne and De Dreuzy, J-R},
  journal={SIAM Journal on Scientific Computing},
  volume={34},
  number={1},
  pages={B86--B105},
  year={2012},
  publisher={SIAM}
}


@article{rutqvist2003role,
  title={The role of hydromechanical coupling in fractured rock engineering},
  author={Rutqvist, Jonny and Stephansson, Ove},
  journal={Hydrogeology Journal},
  volume={11},
  number={1},
  pages={7--40},
  year={2003},
  publisher={Springer}
}


@article{schwenck2015dimensionally,
  title={Dimensionally reduced flow models in fractured porous media: crossings and boundaries},
  author={Schwenck, Nicolas and Flemisch, Bernd and Helmig, Rainer and Wohlmuth, Barbara I},
  journal={Computational Geosciences},
  volume={19},
  number={6},
  pages={1219--1230},
  year={2015},
  publisher={Springer}
}

@article{showalter2000diffusion,
  title={Diffusion in poro-elastic media},
  author={Showalter, Ralph E},
  journal={Journal of Mathematical Analysis and Applications},
  volume={251},
  number={1},
  pages={310--340},
  year={2000},
  publisher={Academic Press}
}


@misc{stebel_ugn,
    title={On the parallel solution of hydro-mechanical problems with fracture networks and contact conditions},
    author={Jan Stebel and Jakub Kru\v{z}{\'\i}k and David Hor\'ak and Jan B\v{r}ezina and Michal B\'ere\v{s}},
    archivePrefix = {arXiv},
    eprint = {2311.13310},
    primaryClass = {math.NA},
    year={2023},
    url={https://arxiv.org/abs/2311.13310}
}


@article{vass,
    title = {The importance of fracture-healing on the deformation of fluid-filled layered systems},
    journal = {Journal of Structural Geology},
    volume = {67},
    pages = {94-106},
    year = {2014},
    issn = {0191-8141},
    OPTdoi = {https://doi.org/10.1016/j.jsg.2014.07.007},
    OPTurl = {https://www.sciencedirect.com/science/article/pii/S0191814114001539},
    author = {Anna Vass and Daniel Koehn and Renaud Toussaint and Irfan Ghani and Sandra Piazolo},
    keywords = {Hydro-mechanical model, Hydrofracturing, Healing, Vein strength, Elastic modulus},
}


@article{Watanabe2012lower,
  title={Lower-dimensional interface elements with local enrichment: application to coupled hydro-mechanical problems in discretely fractured porous media},
  author={Watanabe, Nori and Wang, W and Taron, J and G{\"o}rke, UJ and Kolditz, O},
  journal={International Journal for Numerical Methods in Engineering},
  volume={90},
  number={8},
  pages={1010--1034},
  year={2012},
  publisher={Wiley Online Library}
}



@article{white2016block,
  title={Block-partitioned solvers for coupled poromechanics: A unified framework},
  author={White, Joshua A and Castelletto, Nicola and Tchelepi, Hamdi A},
  journal={Computer Methods in Applied Mechanics and Engineering},
  volume={303},
  pages={55--74},
  year={2016},
  publisher={Elsevier}
}

@article{zenisek1984existence,
  title={The existence and uniqueness theorem in {B}iot's consolidation theory},
  author={{\v{Z}}en{\'\i}{\v{s}}ek, Alexander},
  journal={Aplikace Matematiky},
  volume={29},
  number={3},
  pages={194--211},
  year={1984},
  publisher={Institute of Mathematics, Academy of Sciences of the Czech Republic}
}




@article{Angot2009a,
  title = {Asymptotic and Numerical Modelling of Flows in Fractured Porous Media},
  author = {Angot, Philippe and Boyer, Franck and Hubert, Florence},
  year = {2009},
  journal = {ESAIM: Mathematical Modelling and Numerical Analysis},
  volume = {43},
  number = {02},
  pages = {239--275},
  doi = {10.1051/m2an/2008052},
  keywords = {asymptotic models of flow.,Darcy flow,Finite volume method,Fractured porous media}
}

@article{Berge2020a,
  title = {Finite Volume Discretization for Poroelastic Media with Fractures Modeled by Contact Mechanics},
  author = {Berge, Runar L. and Berre, Inga and Keilegavlen, Eirik and Nordbotten, Jan M. and Wohlmuth, Barbara},
  year = {2020},
  journal = {International Journal for Numerical Methods in Engineering},
  volume = {121},
  number = {4},
  pages = {644--663},
  issn = {1097-0207},
  doi = {10.1002/nme.6238},
  langid = {english},
  keywords = {Biot,contact mechanics,finite volume,fractures},
  annotation = {\_eprint: https://onlinelibrary.wiley.com/doi/pdf/10.1002/nme.6238}
}

@article{Biot1941c,
  title = {General {{Theory}} of {{Three}}-{{Dimensional Consolidation}}},
  author = {Biot, Maurice A.},
  year = {1941},
  month = feb,
  journal = {Journal of Applied Physics},
  volume = {12},
  number = {2},
  pages = {155--164},
  publisher = {{American Institute of Physics}},
  issn = {0021-8979},
  doi = {10.1063/1.1712886}
}

@article{Bonnet2001,
  title = {Scaling of Fracture Systems in Geological Media},
  author = {Bonnet, E. and Bour, O. and Odling, N. E. and Davy, P. and Main, I. and Cowie, P. and Berkowitz, B.},
  year = {2001},
  journal = {Reviews of Geophysics},
  volume = {39},
  number = {3},
  pages = {347--383},
  issn = {1944-9208},
  doi = {10.1029/1999RG000074},
  copyright = {Copyright 2001 by the American Geophysical Union.},
  langid = {english}
}

@article{Boon2021,
  title = {Stable Mixed Finite Elements for Linear Elasticity with Thin Inclusions},
  author = {Boon, W. M. and Nordbotten, J. M.},
  year = {2021},
  month = apr,
  journal = {Computational Geosciences},
  volume = {25},
  number = {2},
  pages = {603--620},
  issn = {1573-1499},
  doi = {10.1007/s10596-020-10013-2},
  langid = {english},
  keywords = {65N12,65N30,74K20,74S05,A priori analysis,Linear elasticity,Mixed finite element,Mixed-dimensional,Weak symmetry}
}

@article{Boon2021a,
  title = {Functional Analysis and Exterior Calculus on Mixed-Dimensional Geometries},
  author = {Boon, Wietse M. and Nordbotten, Jan M. and Vatne, Jon E.},
  year = {2021},
  month = apr,
  journal = {Annali di Matematica Pura ed Applicata (1923 -)},
  volume = {200},
  number = {2},
  pages = {757--789},
  issn = {1618-1891},
  doi = {10.1007/s10231-020-01013-1},
  langid = {english},
  keywords = {46C05,46E35,46F10,58A12,58C05,58J10,Exterior calculus,Mixed-dimensional differential operators,Mixed-dimensional geometry}
}

@article{Both2017a,
  title = {Robust Fixed Stress Splitting for {{Biot}}'s Equations in Heterogeneous Media},
  author = {Both, Jakub Wiktor and Borregales, Manuel and Nordbotten, Jan Martin and Kumar, Kundan and Radu, Florin Adrian},
  year = {2017},
  month = jun,
  journal = {Applied Mathematics Letters},
  volume = {68},
  pages = {101--108},
  issn = {0893-9659},
  doi = {10.1016/j.aml.2016.12.019},
  langid = {english},
  keywords = {Biot’s equations,Heterogeneous porous media,Iterative coupling,Linear poroelasticity}
}

@article{Follin2014methodology,
  title = {A Methodology to Constrain the Parameters of a Hydrogeological Discrete Fracture Network Model for Sparsely Fractured Crystalline Rock, Exemplified by Data from the Proposed High-Level Nuclear Waste Repository Site at {{Forsmark}}, {{Sweden}}},
  author = {Follin, Sven and Hartley, Lee and Rh{\'e}n, Ingvar and Jackson, Peter and Joyce, Steven and Roberts, David and Swift, Ben},
  year = {2014},
  month = mar,
  journal = {Hydrogeology Journal},
  volume = {22},
  number = {2},
  pages = {313--331},
  issn = {1435-0157},
  doi = {10.1007/s10040-013-1080-2},
  langid = {english},
  keywords = {Crystalline rock,Discrete fracture network modeling,Forsmark,Nuclear waste,Sweden}
}

@article{Formaggia2014,
  title = {{A reduced model for Darcy's problem in networks of fractures}},
  author = {Formaggia, Luca and Fumagalli, Alessio and Scotti, Anna and Ruffo, Paolo},
  year = {2014},
  journal = {ESAIM: Mathematical Modelling and Numerical Analysis - Mod\'elisation Math\'ematique et Analyse Num\'erique},
  volume = {48},
  number = {4},
  pages = {1089--1116},
  doi = {10.1051/m2an/2013132},
  langid = {french}
}

@article{Ganis2014a,
  title = {Modeling {{Fractures}} in a {{Poro-Elastic Medium}}},
  author = {Ganis, Benjamin and Girault, Vivette and Mear, Mark and Singh, Gurpreet and Wheeler, Mary},
  year = {2014},
  journal = {Oil \& Gas Science and Technology \textendash{} Revue d'IFP Energies nouvelles},
  volume = {69},
  number = {4},
  pages = {515--528},
  publisher = {{Technip}},
  issn = {1294-4475, 1953-8189},
  doi = {10.2516/ogst/2013171},
  copyright = {\textcopyright{} 2013, IFP Energies nouvelles},
  langid = {english}
}

@article{Gurevich1999,
  title = {Interface Conditions for {{Biot}}'s Equations of Poroelasticity},
  author = {Gurevich, Boris and Schoenberg, Michael},
  year = {1999},
  month = may,
  journal = {The Journal of the Acoustical Society of America},
  volume = {105},
  number = {5},
  pages = {2585--2589},
  publisher = {{Acoustical Society of America}},
  issn = {0001-4966},
  doi = {10.1121/1.426874}
}

@article{Hanowski2018,
  title = {The Hydromechanical Equilibrium State of Poroelastic Media with a Static Fracture: {{A}} Dimension-Reduced Model with Existence Results in Weighted {{Sobolev}} Spaces and Simulations with an {{XFEM}} Discretization},
  shorttitle = {The Hydromechanical Equilibrium State of Poroelastic Media with a Static Fracture},
  author = {Hanowski, Katja K. and Sander, Oliver},
  year = {2018},
  month = dec,
  journal = {Mathematical Models and Methods in Applied Sciences},
  volume = {28},
  number = {13},
  pages = {2511--2556},
  publisher = {{World Scientific Publishing Co.}},
  issn = {0218-2025},
  doi = {10.1142/S0218202518500549},
  keywords = {discretization errors,existence result,fracture,Poroelasticity,XFEM}
}

@article{Hyman2015dfnWorks,
  title = {{{dfnWorks}}: {{A}} Discrete Fracture Network Framework for Modeling Subsurface Flow and Transport},
  shorttitle = {{{dfnWorks}}},
  author = {Hyman, Jeffrey D. and Karra, Satish and Makedonska, Nataliia and Gable, Carl W. and Painter, Scott L. and Viswanathan, Hari S.},
  year = {2015},
  month = nov,
  journal = {Computers \& Geosciences},
  volume = {84},
  pages = {10--19},
  issn = {0098-3004},
  doi = {10.1016/j.cageo.2015.08.001},
  langid = {english},
  keywords = {CO sequestration,Conforming Delaunay triangulation,Discrete fracture networks,Fractured porous media,Hydraulic fracturing,Subsurface flow and transport}
}

@article{Jing2002,
  title = {Numerical Methods in Rock Mechanics},
  author = {Jing, L. and Hudson, J. A.},
  year = {2002},
  month = jun,
  journal = {International Journal of Rock Mechanics and Mining Sciences},
  series = {Numerical {{Methods}} in {{Rock Mechanics}}},
  volume = {39},
  number = {4},
  pages = {409--427},
  issn = {1365-1609},
  doi = {10.1016/S1365-1609(02)00065-5},
  langid = {english},
  keywords = {Coupled processes,Design,Numerical modelling,Outstanding issues,Review,Rock mechanics}
}

@article{Oda1986,
  title = {An Equivalent Continuum Model for Coupled Stress and Fluid Flow Analysis in Jointed Rock Masses},
  author = {Oda, Masanobu},
  year = {1986},
  journal = {Water Resources Research},
  volume = {22},
  number = {13},
  pages = {1845--1856},
  issn = {1944-7973},
  doi = {10.1029/WR022i013p01845},
  copyright = {Copyright 1986 by the American Geophysical Union.},
  langid = {english},
  annotation = {\_eprint: https://agupubs.onlinelibrary.wiley.com/doi/pdf/10.1029/WR022i013p01845}
}

@article{Pichot2012b,
  title = {A {{Generalized Mixed Hybrid Mortar Method}} for {{Solving Flow}} in {{Stochastic Discrete Fracture Networks}}},
  author = {Pichot, G. and Erhel, J. and {de Dreuzy}, J.-R.},
  year = {2012},
  month = jan,
  journal = {SIAM Journal on Scientific Computing},
  volume = {34},
  number = {1},
  pages = {B86-B105},
  publisher = {{Society for Industrial and Applied Mathematics}},
  issn = {1064-8275},
  doi = {10.1137/100804383},
  keywords = {65N22,65N30,65N55,fractured media,mixed hybrid finite element method,Mortar method}
}

@article{Rutqvist2003c,
  title = {The Role of Hydromechanical Coupling in Fractured Rock Engineering},
  author = {Rutqvist, Jonny and Stephansson, Ove},
  year = {2003},
  month = feb,
  journal = {Hydrogeology Journal},
  volume = {11},
  number = {1},
  pages = {7--40},
  issn = {1435-0157},
  doi = {10.1007/s10040-002-0241-5},
  langid = {english},
  keywords = {Fractured rocks,Hydromechanical coupling,Mechanical,Permeability,Stress}
}

@article{Rutqvist2013a,
  title = {Linked Multicontinuum and Crack Tensor Approach for Modeling of Coupled Geomechanics, Fluid Flow and Transport in Fractured Rock},
  author = {Rutqvist, Jonny and Leung, Colin and Hoch, Andrew and Wang, Yuan and Wang, Zhen},
  year = {2013},
  month = feb,
  journal = {Journal of Rock Mechanics and Geotechnical Engineering},
  volume = {5},
  number = {1},
  pages = {18--31},
  issn = {1674-7755},
  doi = {10.1016/j.jrmge.2012.08.001},
  langid = {english},
  keywords = {Crack tensor,Fluid flow,Fractured rock,Modeling,Multicontinuum,Stress}
}

@article{Schwenck2015c,
  title = {Dimensionally Reduced Flow Models in Fractured Porous Media: Crossings and Boundaries},
  shorttitle = {Dimensionally Reduced Flow Models in Fractured Porous Media},
  author = {Schwenck, Nicolas and Flemisch, Bernd and Helmig, Rainer and Wohlmuth, Barbara I.},
  year = {2015},
  month = dec,
  journal = {Computational Geosciences},
  volume = {19},
  number = {6},
  pages = {1219--1230},
  issn = {1573-1499},
  doi = {10.1007/s10596-015-9536-1},
  langid = {english},
  keywords = {Boundary conditions,Fracture crossings,Fractured porous media,Reduced flow models}
}

@article{Showalter2000a,
  title = {Diffusion in {{Poro-Elastic Media}}},
  author = {Showalter, R. E.},
  year = {2000},
  month = nov,
  journal = {Journal of Mathematical Analysis and Applications},
  volume = {251},
  number = {1},
  pages = {310--340},
  issn = {0022-247X},
  doi = {10.1006/jmaa.2000.7048},
  langid = {english},
  keywords = {Biot consolidation problem,coupled quasi-static,deformable porous media,degenerate evolution equations,existence-uniqueness theory,initial-boundary-value problems,poro-elasticity,regularity,secondary consolidation,thermo-elasticity}
}

@techreport{Wijesinghe1986,
  title = {Exact Similarity Solution for Coupled Deformation and Fluid Flow in Discrete Fractures},
  author = {Wijesinghe, A. M.},
  year = {1986},
  month = feb,
  number = {UCID-20675},
  institution = {{Lawrence Livermore National Lab. (LLNL), Livermore, CA (United States)}},
  doi = {10.2172/59961},
  langid = {english}
}

@article{Zhao2013Impact,
  title = {Impact of Stress on Solute Transport in a Fracture Network: {{A}} Comparison Study},
  shorttitle = {Impact of Stress on Solute Transport in a Fracture Network},
  author = {Zhao, Zhihong and Rutqvist, Jonny and Leung, Colin and Hokr, Milan and Liu, Quansheng and Neretnieks, Ivars and Hoch, Andrew and Havl{\'i}{\v c}ek, Ji{\v r}{\'i} and Wang, Yuan and Wang, Zhen and Wu, Yuexiu and Zimmerman, Robert},
  year = {2013},
  month = apr,
  journal = {Journal of Rock Mechanics and Geotechnical Engineering},
  volume = {5},
  number = {2},
  pages = {110--123},
  issn = {1674-7755},
  doi = {10.1016/j.jrmge.2013.01.002},
  langid = {english},
  keywords = {Discrete element method,Dual-porosity model,Equivalent continuum,Fractured rocks,Particle tracking method,Solute transport},
  annotation = {Zhao2013Impact}
}


@incollection{Jing2007Fluid,
  title = {4 - {{Fluid Flow}} and {{Coupled Hydro-Mechanical Behavior}} of {{Rock Fractures}}},
  booktitle = {Developments in {{Geotechnical Engineering}}},
  author = {Jing, Lanru and Stephansson, Ove},
  editor = {Jing, Lanru and Stephansson, Ove},
  year = {2007},
  month = jan,
  series = {Fundamentals of {{Discrete Element Methods}} for {{Rock Engineering}}},
  volume = {85},
  pages = {111--144},
  publisher = {{Elsevier}},
  doi = {10.1016/S0165-1250(07)85004-8},
  langid = {english}
}



@article{Younes2006,
  title = {A New Mass Lumping Scheme for the Mixed Hybrid Finite Element Method},
  author = {Younes, Anis and Ackerer, Philippe and Lehmann, Fran{\c c}ois},
  year = {2006},
  month = jul,
  journal = {International Journal for Numerical Methods in Engineering},
  volume = {67},
  number = {1},
  pages = {89--107},
  issn = {1097-0207},
  doi = {10.1002/nme.1628},
  copyright = {Copyright \textcopyright{} 2006 John Wiley \& Sons, Ltd.},
  langid = {english},
  keywords = {finite volume,mass lumping,mixed finite element,nonconforming finite element}
}









